@ARTICLE{SSAsimple2013,
  author = {Braun, Matthias and Buchwald, Sebastian and Hack, Sebastian and Lei{\ss}a,
	Roland and Mallon, Christoph and Zwinkau, Andreas},
  title = {Simple and Efficient Construction of Static Single Assignment Form},
  year = {2013},
  booktitle = {Compiler Construction},
  organization = {Springer},
}
@ARTICLE{Lengauer1979,
  author = {Lengauer, Thomas and Tarjan, Robert Endre},
  title = {A fast algorithm for finding dominators in a flowgraph},
  journal = {ACM Trans. Program. Lang. Syst.},
  year = {1979},
  volume = {1},
  pages = {121--141},
  number = {1},
  month = jan,
  acmid = {357071},
  address = {New York, NY, USA},
  doi = {10.1145/357062.357071},
  issn = {0164-0925},
  issue_date = {July 1979},
  numpages = {21},
  publisher = {ACM},
  url = {http://doi.acm.org/10.1145/357062.357071}
}

@article {Coglio2003,
  author = {Coglio, Alessandro},
  title = {Improving the official specification of Java bytecode verification},
  journal = {Concurrency and Computation: Practice and Experience},
  volume = {15},
  number = {2},
  publisher = {John Wiley & Sons, Ltd.},
  issn = {1532-0634},
  url = {http://dx.doi.org/10.1002/cpe.714},
  doi = {10.1002/cpe.714},
  %url = {http://www.kestrel.edu/home/projects/java/#10},
  pages = {155--179},
  keywords = {Java, bytecode verification, specification},
  year = {2003},
}
@article{Coglio2000,
  author = {Qian, Zhenyu and Goldberg, Allen and Coglio, Alessandro},
  title = {A formal specification of Java class loading},
  journal = {SIGPLAN Not.},
  issue_date = {Oct. 2000},
  volume = {35},
  number = {10},
  month = oct,
  year = {2000},
  issn = {0362-1340},
  pages = {325--336},
  numpages = {12},
  url = {http://doi.acm.org/10.1145/354222.353193},
  doi = {10.1145/354222.353193},
  %url = {http://www.kestrel.edu/home/projects/java/#5},
  acmid = {353193},
  publisher = {ACM},
  address = {New York, NY, USA},
}
