@BOOK{stevens1,
AUTHOR = {W. Richard Stevens},
TITLE = {UNIX Network Programming},
VOLUME = 1,
PUBLISHER = {Prentice Hall},
YEAR = 1998}
